@MISC{bib1,
     author="Auteur PAGE WEB",
     title="titre PAGE WEB",
     howpublished="{\url{adresse PAGE WEB}}",
     year="1900",
     note="commentaire PAGE WEB"},

@ARTICLE{bib2,
     author="auteur ARTICLE",
     title="titre ARTICLE",
     journal="nom journal ARTICLE",
     year="1901",
     note="commentaire ARTICLE"},

@PHDTHESIS{bib3,
     author="auteur THESE",
     title="titre THESE",
     school="ecole THESE",
     year="1902",
     note="commentaire THESE"},

@BOOK{bib4,
     author="auteur LIVRE",
     title="titre LIVRE",
     publisher="maison ed  LIVRE",
     year="1903",
     note="com LIVRE"},

@MANUAL{bib5,
     title="prod DATAS",
     organization="entreprise DATAS",
     year="1904",
     note="com DATAS"},

@MISC{bib6,
     author="auteur AUTRE",
     title="titre AUTRE",
     howpublished="source AUTRE",
     year="1920",
     note="com AUTRE"},

@MISC{bib7,
     author="djsagdygas",
     title="jkhhhhssshsh",
     howpublished="{\url{https://docs.google.com/forms/d/1Xp0EAL1dWVxXNJwx_y6--TlBF--88YBDxCBpwpE9lrs/viewform}}",
     year="2016",
     note="s"},

@MISC{bib8,
     author="hgf",
     title="sgh",
     howpublished="{\url{oiuk}}",
     year="1987",
     note="sasa"},

@MISC{bib9,
     author="sd",
     title="ff",
     howpublished="{\url{ff}}",
     year="1346",
     note="hhb
"},

@ARTICLE{bib10,
     author="ITALIEEEEEEE",
     title="hgjh",
     journal="hhj",
     year="1654",
     note="ds"},

@ARTICLE{bib11,
     author="sfsf",
     title="hbjh",
     journal="hv",
     year="78897",
     note="mbjkb
"},

@PHDTHESIS{bib12,
     author="YOOOOOO",
     title="uhk",
     school="hg",
     year="543",
     note="s"},

@MISC{bib13,
     author="g",
     title="g",
     howpublished="g",
     year="6",
     note="q"},

@ARTICLE{bib14,
     author="d",
     title="d",
     journal="d",
     year="",
     note=""},


