@MISC{bib1,
       author={F. BONNEFOI},
       title={Model-Based Engineering },
       howpublished={Polycopié IPSA},
       year={2015},
       note={}},

@MANUAL{bib2,
       title={Interfacing the 3-V MSP430 to 5-V Circuits},
       organization={Texas Instrument},
       year={2002},
       note={Guide de conversion 3.3V <=> 5V}},

@MISC{bib3,
       author={},
       title={Line tracking sensors and algorithms},
       howpublished={{\url{https://www.ikalogic.com/line-tracking-sensors-and-algorithms/}}},
       booktitle={IKA logic},
       year={2008},
       note={}},

@PHDTHESIS{bib4,
       author={N. EL JAYIDI, M. BENKIRANE},
       title={$\mu$Robot : Le robot suiveur de ligne},
       school={},
       year={},
       note={}},

@ARTICLE{bib5,
       author={Eric Nunès},
       title={Bientôt, des voitures "intelligentes"},
       journal={Le Monde},
       year={2003},
       note={{\url{http://www.lemonde.fr/societe/article/2003/10/28/bientot-des-voitures-intelligentes_339891_3224.html}}}},

@MISC{bib6,
       author={},
       title={BeagleBone Green Wireless Wiki},
       howpublished={{\url{http://www.seeedstudio.com/wiki/Beaglebone_green_wireless}}},
       booktitle={SeedStudio},
       year={2016},
       note={}},

@MANUAL{bib7,
       title={TCRT5000},
       organization={Vishay Semiconductors},
       year={2009},
       note={\url{http://www.vishay.com/docs/83760/tcrt5000.pdf}}},

@MANUAL{bib8,
       title={HP 294},
       organization={Pololu},
       year={2016},
       note={\url{https://www.pololu.com/product/994}}},

@MANUAL{bib9,
       title={Encoder 1217},
       organization={Pololu},
       year={2016},
       note={\url{https://www.pololu.com/product/1217}}},

@MANUAL{bib10,
       title={HC-SR04},
       organization={ElecFreaks},
       year={2013},
       note={\url{http://www.micropik.com/PDF/HCSR04.pdf}}},

@BOOK{bib11,
       author={ P. SCHERZ, S. MONK},
       title={Practical Electronics for Inventors},
       publisher={McGraw-Hill Education TAB},
       year={2016},
       note={}},


